<?xml version="1.0" encoding="UTF-8"?><collection xmlns="http://www.loc.gov/MARC21/slim"><record><leader>00327nam--2200121-i-4500</leader><controlfield tag="001">000014416</controlfield><controlfield tag="002">20161230</controlfield><controlfield tag="005">20161230201030</controlfield><controlfield tag="008">060222s1000------------r-----000-0-eng-d</controlfield><datafield ind1=" " ind2=" " tag="080"><subfield code="a">025.342(054)</subfield></datafield><datafield ind1=" " ind2=" " tag="245"><subfield code="a">Catalogue of serial publications. march 1981</subfield></datafield><datafield ind1=" " ind2=" " tag="260"><subfield code="a">Bombay, Bhabha Atomic Research Centre, 1981. 33 P</subfield></datafield><datafield ind1=" " ind2=" " tag="852"><subfield code="a">D1400</subfield></datafield></record></collection>